%% This BibTeX bibliography file was created using BibDesk.
%% https://bibdesk.sourceforge.io/

%% Created for Moritz Rempe at 2019-05-21 17:01:46 +0200 


%% Saved with string encoding Unicode (UTF-8) 



@manual{US2,
	Author = {TU Dortmund},
	Date-Added = {2019-06-05 17:00:38 +0200},
	Date-Modified = {2019-06-05 17:01:37 +0200},
	Title = {Versuchsanleitung zum Experiment US2 - Scanverfahren in der Ultraschalltechnik.},
	Year = {2019}}

@webpage{2,
	Date-Added = {2019-06-21 17:02:11 +0200},
	Date-Modified = {2019-06-21 17:02:17 +0200},
	Lastchecked = {19.06.2019},
	Url = {https://www.olympus-ims.com/de/ndt-tutorials/thickness-gage/appendices-velocities/}}

@webpage{3,
	Date-Added = {2019-06-22 17:02:11 +0200},
	Date-Modified = {2019-06-22 17:02:17 +0200},
	Lastchecked = {19.06.2019},
	Url = {https://de.wikipedia.org/wiki/Herzzeitvolumen}}

