%% This BibTeX bibliography file was created using BibDesk.
%% https://bibdesk.sourceforge.io/

%% Created for Moritz Rempe at 2019-05-21 17:01:46 +0200 


%% Saved with string encoding Unicode (UTF-8) 



@manual{V702,
	Author = {TU Dortmund},
	Date-Added = {2019-06-27 17:00:38 +0200},
	Date-Modified = {2019-06-27 17:01:37 +0200},
	Title = {Versuchsanleitung zum Experiment V702 - Aktivierung mit Neutronen.},
	Year = {2019}}

@webpage{2,
	Date-Added = {2019-06-21 17:02:11 +0200},
	Date-Modified = {2019-06-21 17:02:17 +0200},
	Lastchecked = {27.06.2019},
	Url = {http://www.periodensystem-online.de/index.php?id=isotope&el=49&mz=116&nrg=0.1273&show=nuklid&sel=}}

@webpage{3,
	Date-Added = {2019-06-22 17:02:11 +0200},
	Date-Modified = {2019-06-22 17:02:17 +0200},
	Lastchecked = {27.06.2019},
	Url = {https://www.internetchemie.info/chemische-elemente/silber-isotope.php}}

