%% This BibTeX bibliography file was created using BibDesk.
%% https://bibdesk.sourceforge.io/

%% Created for Moritz Rempe at 2019-05-24 14:54:32 +0200 


%% Saved with string encoding Unicode (UTF-8) 



@manual{V401,
	Author = {TU Dortmund},
	Date-Added = {2019-05-24 14:00:38 +0200},
	Date-Modified = {2019-05-21 14:01:37 +0200},
	Title = {Versuchsanleitung zum Experiment V401 - Das Michelson-Interferometer},
	Year = {2019}}
