%% This BibTeX bibliography file was created using BibDesk.
%% https://bibdesk.sourceforge.io/

%% Created for Moritz Rempe at 2019-05-21 17:01:46 +0200 


%% Saved with string encoding Unicode (UTF-8) 



@manual{V501,
	Author = {TU Dortmund},
	Date-Added = {2019-06-05 17:00:38 +0200},
	Date-Modified = {2019-06-05 17:01:37 +0200},
	Title = {Versuchsanleitung zum Experiment V501 - Ablenkung eines Elektronenstrahls durch ein elektrisches Feld.},
	Year = {2019}}
	
@manual{V502,
	Author = {TU Dortmund},
	Date-Added = {2019-06-05 17:00:38 +0200},
	Date-Modified = {2019-06-05 17:01:37 +0200},
	Title = {Versuchsanleitung zum Experiment V502 - Ablenkung eines Elektronenstrahls im transversalen Magnetfeld.},
	Year = {2019}}


