%% This BibTeX bibliography file was created using BibDesk.
%% https://bibdesk.sourceforge.io/

%% Created for Moritz Rempe at 2018-11-21 15:41:51 +0100 


%% Saved with string encoding Unicode (UTF-8) 



@article{1,
	Author = {TU Dortmund},
	Date-Added = {2018-11-21 15:17:39 +0100},
	Date-Modified = {2018-11-21 15:41:47 +0100},
	Title = {Anleitung Versuch 354, Ged{\"a}mpfte und erzwungene Schwingungen},
	Year = {2018}}
