%% This BibTeX bibliography file was created using BibDesk.
%% https://bibdesk.sourceforge.io/

%% Created for Moritz Rempe at 2019-05-21 17:01:46 +0200 


%% Saved with string encoding Unicode (UTF-8) 



@manual{1,
	Author = {TU Dortmund},
	Date-Added = {2019-05-21 17:00:38 +0200},
	Date-Modified = {2019-05-21 17:01:37 +0200},
	Title = {Versuchsanleitung zum Experiment V602 - Absorption von R{\"o}ntgenstrahlung},
	Year = {2019}}

@webpage{2,
	Date-Added = {2019-05-21 17:02:11 +0200},
	Date-Modified = {2019-05-21 17:02:17 +0200},
	Lastchecked = {21.05.2019},
	Url = {https://physics.nist.gov/PhysRefData/XrayTrans/Html/search.html}}
